 @misc{1,
    author  = {FloraWeb.de},
    title   = {Bellis perennis L., Ausdauerndes Gänseblümchen}
   
 }


  @book{2,
    author  = {Gerhard Wagenitz},
    title   = {Illustrierte Flora von Mitteleuropa. Pteridophyta, Spermatophyta. Begründet von Gustav Hegi. 2., völlig neubearbeitete Auflage. Band VI. Teil 3: Angiospermae, Dicotyledones 4 (Compositae 1, Allgemeiner Teil, Eupatorium – Achillea). },
    publisher  = {Paul Parey},
    year    = {1979}
  
 }
  @book{3,
    author  = {Luc Brouillet},
    title   = {Bellis. In Flora of North America Editorial Committee },
    volume  = {20},
    year    = {2006},
    pages   = {23},
    publisher = {Oxford University Press, New York/Oxford}
 }
  @misc{6,
    author  = {naturheilkraut.com},
    title   = {Eintrag Gänseblümchen}
   
 }
  @article{7,
    author  = {Unbekannt},
    title   = {Von «aabändle» über «Aaheulig» bis «hüütze»},
    journal = {Aargauer Zeitung},
    year    = {2009}
   
 }
  @inproceedings{13,
    author  = {Hieronymus Brunschwig},
    title   = {Destilliertreffen in Straßburg},
    year    = {1400-1425},
    booktitle = {Im Kleinen Destillierbuch}
 }